<?xml version="1.0" encoding="UTF-8"?><collection xmlns="http://www.loc.gov/MARC21/slim"><record><leader>00526nam--2200181-i-4500</leader><controlfield tag="001">000028386</controlfield><controlfield tag="002">20161230</controlfield><controlfield tag="005">20161230201037</controlfield><controlfield tag="008">060222s1000------------r-----000-0-ger-d</controlfield><datafield ind1=" " ind2=" " tag="040"><subfield code="a">IFIN-HH</subfield></datafield><datafield ind1=" " ind2=" " tag="041"><subfield code="a">ger</subfield></datafield><datafield ind1=" " ind2=" " tag="080"><subfield code="a">535.82</subfield></datafield><datafield ind1="1" ind2=" " tag="100"><subfield code="a">Lang, Heinwig</subfield></datafield><datafield ind1="1" ind2="0" tag="245"><subfield code="a">Ein verfahren zur messung axiler und ausserasialer wellenabberrationen von mikroskop-objectiven. /dissertation</subfield><subfield code="c">Heinwig lang</subfield></datafield><datafield ind1=" " ind2=" " tag="260"><subfield code="a">Berlin</subfield><subfield code="b">Technische Universitat</subfield><subfield code="c">1967</subfield></datafield><datafield ind1=" " ind2=" " tag="300"><subfield code="a">102P</subfield></datafield><datafield ind1=" " ind2=" " tag="852"><subfield code="a">29864</subfield><subfield code="c">535</subfield></datafield><datafield ind1=" " ind2=" " tag="CAT"><subfield code="a">Sys</subfield><subfield code="c">20101026</subfield><subfield code="h">111806</subfield></datafield></record></collection>